
@book{c,
	author = {Kernighan B., Ritchie D.},
	title = {C Programming Language},
	year = {1988},
	publisher = {Prentice Hall},
	edition = {2nd},
	note = {December 1988, \emph{ISBN-13: 978-0131103627}},
	language = {English},
	date = {December 1988},
	isbn = {978-0131103627}
}

@book{c-prog,
	author = {Kernighan \& Ritchie},
	title = {C Programming Language},
	year = {1988},
	publisher = {Prentice Hall},
	edition = {2nd},
	note = {December 1988, \emph{ISBN-13: 978-0131103627}},
	language = {English},
	date = {December 1988},
	isbn = {978-0131103627}
}


@Article{tug,
	author = "TUG",
	journal = "{TeX Users Group}",
	title = "Just what is {\TeX}?",
	note  = "{\url{http://www.tug.org/whatis.html}}",
	url  = "http://www.tug.org/whatis.html",
	year = 2021,
	date = "22/04/2021",
	keywords = "latex"
}


@misc{texstudio,
	author = "TeXstudio",
	title = "{\TeX studio}",
	note  = "{\url{https://www.texstudio.org}}",
	url  = "https://www.texstudio.org",
	year = 2022,
	keywords = "texstudio"
}




@Article{texlive,
	author = "TeXLive",
	title = "{\TeX Live}",
	journal = "{TeX Users Group}",
	note  = "{\url{https://tug.org/texlive/}}",
	url  = "https://tug.org/texlive/",
	year = 2021,
	keywords = "texlive"
}

@Article{texworks,
	author = "TeXworks",
	title = "{TeXworks}",
	journal = "{TeX Users Group}",
	note  = "{\url{http://www.tug.org/texworks/}}",
	url  = "http://www.tug.org/texworks/",
	year = 2022,
	keywords = "texworks"
}



@misc{tex-vs-latex,
	author = "Overleaf",
	title = "{The \TeX\ family tree: \LaTeX, \pdfTeX, \XeTeX, \LuaTeX\ and \ConTeXt}",
	note = "{\url{https://www.overleaf.com/learn/latex/Articles/The_TeX_family_tree:_LaTeX,_pdfTeX,_XeTeX,_LuaTeX_and_ConTeXt}}",
	url = "https://www.overleaf.com/learn/latex/Articles/The_TeX_family_tree:_LaTeX,_pdfTeX,_XeTeX,_LuaTeX_and_ConTeXt",
	year = 2022,
	keywords = "latex"
}

@misc{typesetting-quotations,
	author = "Overleaf",
	title = "{Typesetting quotations}",
	note = "{\url{https://www.overleaf.com/learn/latex/Typesetting_quotations}}",
	url = "https://www.overleaf.com/learn/latex/Typesetting_quotations",
	year = 2022,
	keywords = "latex"
}

@misc{bibliography-styles,
	author = "Overleaf",
	title = "{Biblatex bibliography styles}",
	note = "{\url{https://www.overleaf.com/learn/latex/Biblatex_bibliography_styles}}",
	url = "https://www.overleaf.com/learn/latex/Biblatex_bibliography_styles",
	year = 2022,
	keywords = "latex"
}

@misc{customize-toc,
	author = "tom",
	title = "{10 ways to customize toc/lof/lot}",
	journal = "{texblog}",
	note = "{\url{https://texblog.org/2011/09/09/10-ways-to-customize-tocloflot/}}",
	url = "https://texblog.org/2011/09/09/10-ways-to-customize-tocloflot/",
	year = 2021,
	date = "09/09/2021"
	keywords = "latex"
}


@misc{latex-project,
	author = "LaTeX",
	title = "{The LaTeX project}",
	note = "{\url{https://www.latex-project.org}}",
	url  = "https://www.latex-project.org",
	year = 2022,
	keywords = "latex"
}

@misc{CTAN,
	author = "CTAN",
	title = "{The Comprehensive TeX Archive Network}",
	note  = "{\url{https://www.ctan.org}}",
	url  = "https://www.ctan.org",
	year = 2022,
	keywords = "CTAN"
}



@misc{miktex-project,
	author = "MiKTeX",
	title = "The {\MiKTeX} project",
	note  = "{\url{https://miktex.org}}",
	url  = "https://miktex.org",
	year = 2022,
	keywords = "miktex"
}


@misc{wiki-tex,
	author = "Wikipedia",
	title = "{TeX}",
	note  = "{\url{https://en.wikipedia.org/wiki/TeX}}",
	url  = "https://en.wikipedia.org/wiki/TeX",
	year = 2022,
	keywords = "tex"
}

@misc{wiki-latex,
	author = "Wikipedia",
	title = "{LaTeX}",
	note  = "{\url{https://en.wikipedia.org/wiki/LaTeX}}",
	url  = "https://en.wikipedia.org/wiki/LaTeX",
	year = 2022,
	keywords = "tex"
}



