@book{c,
	author = {Kernighan B., Ritchie D.},
	title = {C Programming Language},
	year = {1988},
	publisher = {Prentice Hall},
	edition = {2nd},
	note = {December 1988, \emph{ISBN-13: 978-0131103627}},
	language = {English},
	date = {December 1988},
	isbn = {978-0131103627}
}

@book{c-prog,
	author = {Kernighan \& Ritchie},
	title = {C Programming Language},
	year = {1988},
	publisher = {Prentice Hall},
	edition = {2nd},
	note = {December 1988, \emph{ISBN-13: 978-0131103627}},
	language = {English},
	date = {December 1988},
	isbn = {978-0131103627}
}

