
@article{gawk-next,
	author = "FSF",
	journal = "{Free Software Foundation}",
	title = "{Gawk: Effective AWK Programming}",
	note  = "{\url{https://www.gnu.org/software/gawk/manual/html_node/Next-Statement.html}}",
	url  = "https://www.gnu.org/software/gawk/manual/html_node/Next-Statement.html",
	date = "05/15/2020",
	year = 2020,
	keywords = "gawk"
}


@article{julia-manifesto,
	author = "{Bezanson et al.}",
	journal = "julialang.org",
	title = "{Why We Created Julia}",
	note  = "{\url{https://www.perl.com/pub/2008/04/23/a-beginners-introduction-to-perl-510.html/}}",
	url  = "https://julialang.org/blog/2012/02/why-we-created-julia/",
	date = "02/14/2012",
	year = 2012,
	keywords = "julia"
}


@article{perl-intro,
	author = "chromatic, Doug Sheppard",
	journal = "Perl.com",
	title = "{A Beginner's Introduction to Perl 5.10}",
	note  = "{\url{https://www.perl.com/pub/2008/04/23/a-beginners-introduction-to-perl-510.html/}}",
	url  = "https://www.perl.com/pub/2008/04/23/a-beginners-introduction-to-perl-510.html/",
	date = "04/23/2008",
	year = 2008,
	keywords = "perl"
}


@article{perl-more-than-one-way,
	author = "Wikipedia",
	title = "{There's more than one way to do it}",
	note  = "{\url{https://en.wikipedia.org/wiki/There's_more_than_one_way_to_do_it}}",
	url  = "https://en.wikipedia.org/wiki/There's_more_than_one_way_to_do_it",
	year = 2021,
	keywords = "perl"
}


@article{gfg-perl,
	author  = "GFG",
	journal = "GeeksForGeeks",
	title = "{Perl | File Handling Introduction}",
	note  = "{\url{https://www.geeksforgeeks.org/perl-file-handling-introduction/}}",
	url  = "https://www.geeksforgeeks.org/perl-file-handling-introduction/",
	date = "2019-04-01",
	year = 2019,
	keywords = "perl,file mode"
}


@misc{python-file-modes,
	author = "Rohit",
	title = "{Python file modes | Open, Write, append (r, r+, w, w+, x, etc)}",
	note  = "{\url{https://tutorial.eyehunts.com/python/python-file-modes-open-write-append-r-r-w-w-x-etc/}}",
	url  = "https://tutorial.eyehunts.com/python/python-file-modes-open-write-append-r-r-w-w-x-etc/",
	date = "2020-05-03",
	year = 2020,
	keywords = "python,file mode"
}


@Article{perl-binary-file,
	author = "David Farrel",
	journal = "Perl.com",
	title = "{How to parse binary data with Perl}",
	note  = "{\url{https://www.perl.com/article/how-to-parse-binary-data-with-perl/}}",
	url  = "https://www.perl.com/article/how-to-parse-binary-data-with-perl/",
	date = "2016-04-18",
	year = 2016,
	keywords = "perl,file mode,binary"
}


@misc{tutorialspoint-perl,
	author = "TutorialsPoint",
	title = "{Perl - File I/O}",
	note  = "{\url{https://www.tutorialspoint.com/perl/perl_files.htm}}",
	url  = "https://www.tutorialspoint.com/perl/perl_files.htm",
	year = 2021,
	keywords = "perl,file mode"
}



@misc{features-of-julia,
	author = "csewo",
	title = "Features of Julia",
	journal = "CseWorld Online",
	note  = "{\url{https://www.cseworldonline.com/articles/features-of-julia.php}}",
	url  = "https://www.cseworldonline.com/articles/features-of-julia.php",
	year = 2020,
	keywords = "julia"
}



@misc{julia-features,
	author = "w3adda",
	title = "Julia Features",
	journal = "w3<a/>",
	note  = "{\url{https://www.w3adda.com/julia-tutorial/julia-features}}",
	url  = "https://www.w3adda.com/julia-tutorial/julia-features",
	year = 2022,
	keywords = "julia"
}



@misc{julia-awesome-features,
	author = "Emmett Boudreau",
	title = "Juliaâ€™s Most Awesome Features",
	journal = "Towards Data Science",
	note  = "{\url{https://towardsdatascience.com/julias-most-awesome-features-be51f798f140}}",
	url  = "https://towardsdatascience.com/julias-most-awesome-features-be51f798f140",
	date = "2020-05-23",
	year = 2020,
	keywords = "julia"
}


@misc{is-julia-right-for-you,
	author = "Viyaleta Apgar",
	title = "Is Julia actually right for you?",
	journal = "Towards Data Science",
	note  = "{\url{https://towardsdatascience.com/is-julia-actually-right-for-you-b2c003d7cddf}}",
	url  = "https://towardsdatascience.com/is-julia-actually-right-for-you-b2c003d7cddf",
	date = "2022-02-03",
	year = 2022,
	keywords = "julia"
}




@misc{userbenchmark,
	author = "UserBenchmark",
	title = "i5-8259U vs i5-1135G7",
	note  = "{\url{https://cpu.userbenchmark.com/Compare/Intel-Core-i5-8259U-vs-Intel-Core-i5-1135G7/m543736vsm1286124}}",
	url  = "https://cpu.userbenchmark.com/Compare/Intel-Core-i5-8259U-vs-Intel-Core-i5-1135G7/m543736vsm1286124",
	year = 2021,
	keywords = "benchmark"
}


