
@Article{tug,
	author = "TUG",
	journal = "{TeX Users Group}",
	title = "Just what is {\TeX}?",
	note  = "{\url{http://www.tug.org/whatis.html}}",
	url  = "http://www.tug.org/whatis.html",
	year = 2021,
	date = "22/04/2021",
	keywords = "latex"
}

@Article{texlive,
	author = "TeXLive",
	title = "{\TeX Live}",
	journal = "{TeX Users Group}",
	note  = "{\url{https://tug.org/texlive/}}",
	url  = "https://tug.org/texlive/",
	year = 2022,
	keywords = "texlive"
}

@Article{texworks,
	author = "TeXworks",
	title = "{TeXworks}",
	journal = "{TeX Users Group}",
	note  = "{\url{http://www.tug.org/texworks/}}",
	url  = "http://www.tug.org/texworks/",
	year = 2022,
	keywords = "texworks"
}



@misc{tex-vs-latex,
	author = "Overleaf",
	title = "{The \TeX\ family tree: \LaTeX, \pdfTeX, \XeTeX, \LuaTeX\ and \ConTeXt}",
	note = "{\url{https://www.overleaf.com/learn/latex/Articles/The_TeX_family_tree:_LaTeX,_pdfTeX,_XeTeX,_LuaTeX_and_ConTeXt}}",
	url = "https://www.overleaf.com/learn/latex/Articles/The_TeX_family_tree:_LaTeX,_pdfTeX,_XeTeX,_LuaTeX_and_ConTeXt",
	year = 2022,
	keywords = "latex"
}

@misc{latex-project,
	author = "LaTeX",
	title = "{The LaTeX project}",
	note = "{\url{https://www.latex-project.org}}",
	url  = "https://www.latex-project.org",
	year = 2022,
	keywords = "latex"
}

@misc{CTAN,
	author = "CTAN",
	title = "{The Comprehensive TeX Archive Network}",
	note  = "{\url{https://www.ctan.org}}",
	url  = "https://www.ctan.org",
	year = 2022,
	keywords = "CTAN"
}



@misc{miktex-project,
	author = "MiKTeX",
	title = "The {\MiKTeX} project",
	note  = "{\url{https://miktex.org}}",
	url  = "https://miktex.org",
	year = 2022,
	keywords = "miktex"
}


@misc{texstudio,
	author = "TeXstudio",
	title = "{\TeX studio}",
	note  = "{\url{https://www.texstudio.org}}",
	url  = "https://www.texstudio.org",
	year = 2022,
	keywords = "texstudio"
}


@misc{noto-fonts,
	author = "Google",
	title = "{Noto Fonts: Beautiful and free fonts for all languages}",
	note  = "{\url{https://www.google.com/get/noto/}}",
	url  = "https://www.google.com/get/noto/",
	year = 2022,
	keywords = "noto"
}

@misc{xecjk,
	author = "Wenchang Sun, Leo Liu, Qing Lee",
	title = "{xecjk –\ Support for CJK documents in XeLaTeX}",
	note  = "{\url{https://ctan.org/pkg/xecjk}}",
	url  = "https://ctan.org/pkg/xecjk",
	year = 2019,
	keywords = "xecjk"
}

@misc{xpinyin,
	author = "Qing Lee",
	title = "{xpinyin –\ Automatically add pinyin to Chinese characters}",
	note  = "{\url{https://ctan.org/pkg/xpinyin}}",
	url  = "https://ctan.org/pkg/xpinyin",
	year = 2020,
	keywords = "xpinyin"
}


@misc{tikz,
	author = "Till Tantau",
	title = "{pgf –\ A Portable Graphic Format for TeX}",
	url  = "https://github.com/pgf-tikz/pgf",
	note  = "{\url{https://github.com/pgf-tikz/pgf}}",
	year = 2022,
	keywords = "tikz"
}


@misc{wiki-noto,
	author = "Wikipedia",
	title = "{Noto Fonts}",
	note  = "{\url{https://en.wikipedia.org/wiki/Noto_fonts}}",
	url  = "https://en.wikipedia.org/wiki/Noto_fonts",
	year = 2022,
	keywords = "noto"
}

@misc{wiki-halfwidth,
	author = "Wikipedia",
	title = "{Half-width kana}",
	note  = "{\url{https://en.wikipedia.org/wiki/Half-width_kana}}",
	url  = "https://en.wikipedia.org/wiki/Half-width_kana",
	year = 2022,
	keywords = "halfwidth"
}

@misc{wiki-tex,
	author = "Wikipedia",
	title = "{TeX}",
	note  = "{\url{https://en.wikipedia.org/wiki/TeX}}",
	url  = "https://en.wikipedia.org/wiki/TeX",
	year = 2022,
	keywords = "tex"
}

@misc{wiki-latex,
	author = "Wikipedia",
	title = "{LaTeX}",
	note  = "{\url{https://en.wikipedia.org/wiki/LaTeX}}",
	url  = "https://en.wikipedia.org/wiki/LaTeX",
	year = 2022,
	keywords = "tex"
}



@misc{wiki-tikz,
	author = "Wikipedia",
	title = "{PGF/TikZ}",
	note  = "{\url{https://en.wikipedia.org/wiki/PGF/TikZ}}",
	url  = "https://en.wikipedia.org/wiki/PGF/TikZ",
	year = 2022,
	keywords = "tikz"
}


@misc{onyomi-kunyomi,
	author = "Kristen Dexter",
	title = "On'yomi and kun'yomi in kanji: what's the difference?",
	note  = "{\url{https://www.tofugu.com/japanese/onyomi-kunyomi/}}",
	url  = "https://www.tofugu.com/japanese/onyomi-kunyomi/",
	year = 2017,
	date = {2017-09-05},
	keywords = "onyomi,kunyomi"
}


@misc{takoboto,
	author = "Takoboto",
	title = "{Takoboto: Japanese dictionary \& Nihongo learning tool.}",
	note  = "{\url{https://takoboto.jp/?q=%E6%97%A5}}",
	url  = "https://takoboto.jp/?q=%E6%97%A5",
	year = 2022,
	keywords = "dictionary"
}



